% Encoding: UTF-8
%% Saved with string encoding Unicode (UTF-8)

@Article{fehrman2015,
  author        = {E. Fehrman and A. K. Muhammad and E. M. Mirkes and V. Egan and A. N. Gorban},
  title         = {The Five Factor Model of personality and evaluation of drug consumption risk},
  year          = {2015},
  archiveprefix = {arXiv},
  eprint        = {1506.06297},
  primaryclass  = {stat.AP},
  url           = {https://arxiv.org/pdf/1506.06297.pdf},
}

@Book{hastie2009,
  title         = {The elements of statistical learning: data mining, inference, and prediction},
  publisher     = {Springer Science \& Business Media},
  year          = {2009},
  author        = {Hastie, Trevor and Tibshirani, Robert and Friedman, Jerome},
}

@misc{dataset_drugs,
  author = {E. Fehrman and E. M. Mirkes and V. Egan},
  title = {Drug consumption (quantified) Data Set},
  year = {2015},
  url = {https://archive.ics.uci.edu/ml/datasets/Drug+consumption+quantified},
}

@online{webpage_BigFive,
  author = {Leonardo Faria},
  title = {As 5 grandes dimensões da personalidade},
  year = 2014,
  url = {https://meucerebro.com/as-5-grandes-dimensoes-da-personalidade/},
}

@online{rpart,
  author = {Terry M. Therneau and Elizabeth J. Atkinson},
  title = {An Introduction to Recursive Partitioning Using the RPART Routines},
  year = 2019,
  url = {https://cran.r-project.org/web/packages/rpart/vignettes/longintro.pdf},
}

@misc{logreg,
  author = {Elaine Aparecida Araujo and Charles Ulises de Montreuil Carmona},
  title = {Desenvolvimento de Modelos Credit Scoring com Abordagem de Regressão Logística para a Gestão da Inadimplência de uma Instituição de Microcrédito},
  year = 2007,
  url = {https://www.redalyc.org/pdf/1970/197014735006.pdf},
}

@misc{github,
  author = {Taís Bellini and Eduardo Brock and Mayara Soares and Albertine Weber},
  title = {Projeto final do curso de Machine Learning e Modelagem Estatística ofertado durante o Curso de Verão 2020},
  year = 2020,
  url = {https://github.com/taisbellini/ml_modelagem/tree/master/projeto_final},
}

@Comment{jabref-meta: databaseType:bibtex;}
